<marc:collection xmlns:marc="http://www.loc.gov/MARC21/slim" xmlns:xsi="http://www.w3.org/2001/XMLSchema-instance" xsi:schemaLocation="http://www.loc.gov/MARC21/slim http://www.loc.gov/standards/marcxml/schema/MARC21slim.xsd">
    <marc:record type="Bibliographic">
        <marc:leader>01806cem a2200385 a 4500</marc:leader>
        <marc:controlfield tag="001">7086156</marc:controlfield>
        <marc:controlfield tag="005">20120604092352.0</marc:controlfield>
        <marc:controlfield tag="007">aj canzn</marc:controlfield>
        <marc:controlfield tag="008">120529s1740    ne i      a     0   lat d</marc:controlfield>
        <marc:datafield tag="040" ind1=" " ind2=" ">
            <marc:subfield code="a">NjP</marc:subfield>
            <marc:subfield code="c">NjP</marc:subfield>
        </marc:datafield>
        <marc:datafield tag="034" ind1="1" ind2=" ">
            <marc:subfield code="a">a</marc:subfield>
            <marc:subfield code="b">8500000</marc:subfield>
        </marc:datafield>
        <marc:datafield tag="043" ind1=" " ind2=" ">
            <marc:subfield code="a">e------</marc:subfield>
        </marc:datafield>
        <marc:datafield tag="100" ind1="1" ind2=" ">
            <marc:subfield code="a">L'Isle, Guillaume de,</marc:subfield>
            <marc:subfield code="d">1675-1726.</marc:subfield>
        </marc:datafield>
        <marc:datafield tag="245" ind1="1" ind2="0">
            <marc:subfield code="a">Theatrum historicum ad annum Christi quadrigentesimu[m] :</marc:subfield>
            <marc:subfield code="b">in quo tum Imperii Romani tu[m] Barbarorum circumincolentiu[m] status ob oculos ponitur : pars occidentalis</marc:subfield>
            <marc:subfield code="h">[map] /</marc:subfield>
            <marc:subfield code="c">autore Guillelmo Del 'Isle è Regia Scientiaru[m] Academiâ.</marc:subfield>
        </marc:datafield>
        <marc:datafield tag="246" ind1="3" ind2="0">
            <marc:subfield code="i">Title in upper margin:</marc:subfield>
            <marc:subfield code="a">Theatrum historicum pars occidentalis</marc:subfield>
        </marc:datafield>
        <marc:datafield tag="246" ind1="3" ind2="0">
            <marc:subfield code="i">Inset title:</marc:subfield>
            <marc:subfield code="a">Supplementum theatro historico</marc:subfield>
        </marc:datafield>
        <marc:datafield tag="255" ind1=" " ind2=" ">
            <marc:subfield code="a">Scale  [ca. 1:8,500,000].</marc:subfield>
        </marc:datafield>
        <marc:datafield tag="260" ind1=" " ind2=" ">
            <marc:subfield code="a">Amstelodami :</marc:subfield>
            <marc:subfield code="b">Apud I. Covens &amp; C. Mortier,</marc:subfield>
            <marc:subfield code="c">[1740?]</marc:subfield>
        </marc:datafield>
        <marc:datafield tag="300" ind1=" " ind2=" ">
            <marc:subfield code="a">1 map :</marc:subfield>
            <marc:subfield code="b">hand col. ;</marc:subfield>
            <marc:subfield code="c">46 x 58 cm.</marc:subfield>
        </marc:datafield>
        <marc:datafield tag="500" ind1=" " ind2=" ">
            <marc:subfield code="a">Relief shown pictorially.</marc:subfield>
        </marc:datafield>
        <marc:datafield tag="500" ind1=" " ind2=" ">
            <marc:subfield code="a">"Cum privil."</marc:subfield>
        </marc:datafield>
        <marc:datafield tag="500" ind1=" " ind2=" ">
            <marc:subfield code="a">Title in upper margin: Theatrum historicum pars occidentalis.</marc:subfield>
        </marc:datafield>
        <marc:datafield tag="500" ind1=" " ind2=" ">
            <marc:subfield code="a">Includes inset map of the Western Hemisphere: Supplementum theatro historico.</marc:subfield>
        </marc:datafield>
        <marc:datafield tag="522" ind1=" " ind2=" ">
            <marc:subfield code="a">Covers western Europe and northwestern Africa.</marc:subfield>
        </marc:datafield>
        <marc:datafield tag="541" ind1=" " ind2=" ">
            <marc:subfield code="a">Historic Maps copy is gift of Robert A. McCabe, Princeton class of 1956.</marc:subfield>
            <marc:subfield code="5">NjP</marc:subfield>
        </marc:datafield>
        <marc:datafield tag="651" ind1=" " ind2="0">
            <marc:subfield code="a">Europe</marc:subfield>
            <marc:subfield code="v">Maps</marc:subfield>
            <marc:subfield code="v">Early works to 1800.</marc:subfield>
        </marc:datafield>
        <marc:datafield tag="651" ind1=" " ind2="0">
            <marc:subfield code="a">Western Hemisphere</marc:subfield>
            <marc:subfield code="x">History</marc:subfield>
            <marc:subfield code="v">Maps</marc:subfield>
            <marc:subfield code="v">Early works to 1800.</marc:subfield>
        </marc:datafield>
        <marc:datafield tag="655" ind1=" " ind2="7">
            <marc:subfield code="a">Historical maps</marc:subfield>
            <marc:subfield code="z">Europe.</marc:subfield>
            <marc:subfield code="2">aat</marc:subfield>
        </marc:datafield>
        <marc:datafield tag="655" ind1=" " ind2="7">
            <marc:subfield code="a">Historical maps</marc:subfield>
            <marc:subfield code="z">Western Hemisphere.</marc:subfield>
            <marc:subfield code="2">aat</marc:subfield>
        </marc:datafield>
        <marc:datafield tag="700" ind1="1" ind2=" ">
            <marc:subfield code="a">L'Isle, Guillaume de,</marc:subfield>
            <marc:subfield code="d">1675-1726.</marc:subfield>
            <marc:subfield code="t">Theatrum historicum ad annum quadringentesimum.</marc:subfield>
        </marc:datafield>
        <marc:datafield tag="700" ind1="1" ind2=" ">
            <marc:subfield code="a">McCabe, Robert A.,</marc:subfield>
            <marc:subfield code="d">1934- ,</marc:subfield>
            <marc:subfield code="e">donor.</marc:subfield>
            <marc:subfield code="5">NjP</marc:subfield>
        </marc:datafield>
        <marc:datafield tag="710" ind1="2" ind2=" ">
            <marc:subfield code="a">Cóvens et Mortier.</marc:subfield>
        </marc:datafield>
        <marc:datafield tag="856" ind1="4" ind2="1">
            <marc:subfield code="z">See the map</marc:subfield>
            <marc:subfield code="u">http://gisserver.princeton.edu/map/26834</marc:subfield>
        </marc:datafield>
        <marc:datafield tag="904" ind1=" " ind2=" ">
            <marc:subfield code="a">gls</marc:subfield>
            <marc:subfield code="b">g</marc:subfield>
            <marc:subfield code="h">n</marc:subfield>
            <marc:subfield code="c">p</marc:subfield>
            <marc:subfield code="e">20120529</marc:subfield>
        </marc:datafield>
        <marc:datafield tag="902" ind1=" " ind2=" ">
            <marc:subfield code="a">gls</marc:subfield>
            <marc:subfield code="b">o</marc:subfield>
            <marc:subfield code="6">e</marc:subfield>
            <marc:subfield code="7">m</marc:subfield>
            <marc:subfield code="d">v</marc:subfield>
            <marc:subfield code="f">1</marc:subfield>
            <marc:subfield code="e">20120530</marc:subfield>
        </marc:datafield>
    </marc:record>
    <marc:record type="Holdings">
        <marc:leader>00171nx  a22000851  4500</marc:leader>
        <marc:controlfield tag="001">6962672</marc:controlfield>
        <marc:controlfield tag="004">7086156</marc:controlfield>
        <marc:controlfield tag="005">20120529121129.0</marc:controlfield>
        <marc:controlfield tag="008">1205294u    8   1001uu   0901128</marc:controlfield>
        <marc:datafield tag="852" ind1="0" ind2=" ">
            <marc:subfield code="b">map</marc:subfield>
            <marc:subfield code="h">HMC01.749</marc:subfield>
        </marc:datafield>
    </marc:record>
</marc:collection>
